%YAML 1.1
%TAG !u! tag:unity3d.com,2011:
--- !u!1 &100000
GameObject:
  m_ObjectHideFlags: 0
  m_PrefabParentObject: {fileID: 0}
  m_PrefabInternal: {fileID: 100100000}
  serializedVersion: 4
  m_Component:
  - 4: {fileID: 400000}
  - 114: {fileID: 11400000}
  - 61: {fileID: 6100000}
  - 82: {fileID: 8200000}
  m_Layer: 0
  m_Name: RandomPerson
  m_TagString: reticule
  m_Icon: {fileID: 0}
  m_NavMeshLayer: 0
  m_StaticEditorFlags: 0
  m_IsActive: 1
--- !u!4 &400000
Transform:
  m_ObjectHideFlags: 1
  m_PrefabParentObject: {fileID: 0}
  m_PrefabInternal: {fileID: 100100000}
  m_GameObject: {fileID: 100000}
  m_LocalRotation: {x: 0, y: 0, z: 0, w: 1}
  m_LocalPosition: {x: 0, y: 0, z: 0}
  m_LocalScale: {x: 1, y: 1, z: 1}
  m_Children: []
  m_Father: {fileID: 0}
--- !u!61 &6100000
BoxCollider2D:
  m_ObjectHideFlags: 1
  m_PrefabParentObject: {fileID: 0}
  m_PrefabInternal: {fileID: 100100000}
  m_GameObject: {fileID: 100000}
  m_Enabled: 1
  m_Material: {fileID: 0}
  m_IsTrigger: 1
  m_Size: {x: 2.3900001, y: 5.8499999}
  m_Center: {x: 0, y: 2.92499995}
--- !u!82 &8200000
AudioSource:
  m_ObjectHideFlags: 1
  m_PrefabParentObject: {fileID: 0}
  m_PrefabInternal: {fileID: 100100000}
  m_GameObject: {fileID: 100000}
  m_Enabled: 1
  serializedVersion: 3
  m_audioClip: {fileID: 0}
  m_PlayOnAwake: 1
  m_Volume: 1
  m_Pitch: 1
  Loop: 0
  Mute: 0
  Priority: 128
  DopplerLevel: 1
  MinDistance: 1
  MaxDistance: 500
  Pan2D: 0
  rolloffMode: 0
  BypassEffects: 0
  BypassListenerEffects: 0
  BypassReverbZones: 0
  rolloffCustomCurve:
    serializedVersion: 2
    m_Curve:
    - time: 0
      value: 1
      inSlope: 0
      outSlope: 0
      tangentMode: 0
    - time: 1
      value: 0
      inSlope: 0
      outSlope: 0
      tangentMode: 0
    m_PreInfinity: 2
    m_PostInfinity: 2
  panLevelCustomCurve:
    serializedVersion: 2
    m_Curve:
    - time: 0
      value: 1
      inSlope: 0
      outSlope: 0
      tangentMode: 0
    m_PreInfinity: 2
    m_PostInfinity: 2
  spreadCustomCurve:
    serializedVersion: 2
    m_Curve:
    - time: 0
      value: 0
      inSlope: 0
      outSlope: 0
      tangentMode: 0
    m_PreInfinity: 2
    m_PostInfinity: 2
--- !u!114 &11400000
MonoBehaviour:
  m_ObjectHideFlags: 1
  m_PrefabParentObject: {fileID: 0}
  m_PrefabInternal: {fileID: 100100000}
  m_GameObject: {fileID: 100000}
  m_Enabled: 1
  m_EditorHideFlags: 0
  m_Script: {fileID: 11500000, guid: 696981f5a40bbff40b46eba9a76ffe3a, type: 3}
  m_Name: 
  m_EditorClassIdentifier: 
  gender: 0
  clothings: 00000000
  voiceActor: -1
  voices:
  - voice:
    - {fileID: 8300000, guid: c2ea97c059e45694eae8f9ee0efc28f8, type: 3}
    - {fileID: 8300000, guid: 6d67c623b4a04bb409bfdd0c5ecff5db, type: 3}
    - {fileID: 8300000, guid: 5f3ee0ec31b265b4ea2932e3a149d9d5, type: 3}
    - {fileID: 8300000, guid: 858290b078a4dc5468492ce3182ef361, type: 3}
  - voice:
    - {fileID: 8300000, guid: 660a18f71e9fadb4f975efac57b1260f, type: 3}
    - {fileID: 8300000, guid: 712cace4d181f0d4f90dc2818bf0f494, type: 3}
    - {fileID: 8300000, guid: a347680dc4959cd42b4885848bcee182, type: 3}
    - {fileID: 8300000, guid: b089854ebf4d06944a4d0154995c75bd, type: 3}
  - voice:
    - {fileID: 8300000, guid: 418ec72f1527c1a4db305b1a19852838, type: 3}
    - {fileID: 8300000, guid: af67bfa9e9f486b45901fb517ae1b121, type: 3}
    - {fileID: 8300000, guid: 58df0e188b3b02746a482dc979a97d4c, type: 3}
    - {fileID: 8300000, guid: 279ce925b8373b04c88361cf467e37d4, type: 3}
  - voice:
    - {fileID: 8300000, guid: 5a138efe293ec2846a77b5fa36082253, type: 3}
    - {fileID: 8300000, guid: 95ec5605a22d7824589a18886e3a93ca, type: 3}
    - {fileID: 8300000, guid: 58e541c9e6c196e46b514707fdbdd575, type: 3}
    - {fileID: 8300000, guid: ad6803f687adcdd4886d1508a5683ebc, type: 3}
  - voice:
    - {fileID: 8300000, guid: 9442b5521b1d2fa4483cf0a6c271bb2d, type: 3}
    - {fileID: 8300000, guid: 88bde252653b60343866bc4fb109cebe, type: 3}
    - {fileID: 8300000, guid: 5d1ac4edebb7dfc46b03ec572a8d81f2, type: 3}
    - {fileID: 8300000, guid: 31d235746aca47b4fa6b9970113a7445, type: 3}
  - voice:
    - {fileID: 8300000, guid: 2977d9bb5c1404a4f8101169dc0be84d, type: 3}
    - {fileID: 8300000, guid: d2d809ae5756cdb4f8a290342a045383, type: 3}
    - {fileID: 8300000, guid: 8648caecc9345734cbd0bb7f8efea8f9, type: 3}
    - {fileID: 8300000, guid: d74a7c222f4e5f646a52866f6d7d3cb8, type: 3}
  - voice:
    - {fileID: 8300000, guid: c31bf32a6eed3fa41a81d2cc35eec3bb, type: 3}
    - {fileID: 8300000, guid: 54a2416d3b2fbe34985e310c7283f8d5, type: 3}
    - {fileID: 8300000, guid: 666fdb53e23a4ba4281cad391f2c5eb9, type: 3}
    - {fileID: 8300000, guid: beb84688ca9193b4c91c558a0c74c7f2, type: 3}
  - voice:
    - {fileID: 8300000, guid: c3a5091d0cc83604f8ad4331264d80bc, type: 3}
    - {fileID: 8300000, guid: 9266f052dacf1e44c8bb15dbef6eff61, type: 3}
    - {fileID: 8300000, guid: c77922098ffe414489e11564e0b66ded, type: 3}
    - {fileID: 8300000, guid: ef57cf1a8771a2948b3485512253d71f, type: 3}
  - voice:
    - {fileID: 8300000, guid: c3a5091d0cc83604f8ad4331264d80bc, type: 3}
    - {fileID: 8300000, guid: 9266f052dacf1e44c8bb15dbef6eff61, type: 3}
    - {fileID: 8300000, guid: c77922098ffe414489e11564e0b66ded, type: 3}
    - {fileID: 8300000, guid: ef57cf1a8771a2948b3485512253d71f, type: 3}
  - voice:
    - {fileID: 8300000, guid: 94fecea1d8dec4844a8cf584d6639605, type: 3}
    - {fileID: 8300000, guid: c9f05505070cdfb4f859850f61d8e434, type: 3}
    - {fileID: 8300000, guid: 89d306967ff5d5641a487016fd407e6c, type: 3}
    - {fileID: 8300000, guid: eb16f211501b381478933a60ab146644, type: 3}
  - voice:
    - {fileID: 8300000, guid: ff0a9030c9c826046bbe63c30cb6dc86, type: 3}
    - {fileID: 8300000, guid: b968865f51346c34d9034001832cc36a, type: 3}
    - {fileID: 8300000, guid: 9e6315a8e1452054b8a8613bf1efd7a3, type: 3}
    - {fileID: 8300000, guid: 4d5fd3d96be03e7468916648f9e75b6d, type: 3}
  - voice:
    - {fileID: 8300000, guid: 98c84eb0034488041a40606c05a39bb3, type: 3}
    - {fileID: 8300000, guid: 88313971046c9494998b61efda1f9b45, type: 3}
    - {fileID: 8300000, guid: da127c4ed0b4cfb4ba1a2aa4401df6f7, type: 3}
    - {fileID: 8300000, guid: 93dd8cd88addb8943a332d7bb04f92fa, type: 3}
  RobotSound:
  - {fileID: 8300000, guid: 0426f9928232e2141ae03fc835fea698, type: 3}
  - {fileID: 8300000, guid: daa068e47f092c644803f1f5ef8ce1f2, type: 3}
  - {fileID: 8300000, guid: 7927bc9df7e3ebf41bad99566197b142, type: 3}
  isRandomized: 1
  baseBody: {fileID: 100000, guid: 5be881fcf590b9d44a057f34f4050afe, type: 2}
  baseFace: {fileID: 100000, guid: 69c4a470ffca6bb46a9da638ae7731f6, type: 2}
  baseEyeWhites: {fileID: 100000, guid: 41dfc0cd79f49fe43b03bb841bcbd66b, type: 2}
  baseEyeBrows: {fileID: 100000, guid: d04da867eaa262b47a6fd6f5111cafe7, type: 2}
  gameControllerObject: {fileID: 0}
  PeePower: 10
--- !u!1001 &100100000
Prefab:
  m_ObjectHideFlags: 1
  serializedVersion: 2
  m_Modification:
    m_TransformParent: {fileID: 0}
    m_Modifications: []
    m_RemovedComponents: []
  m_ParentPrefab: {fileID: 0}
  m_RootGameObject: {fileID: 100000}
  m_IsPrefabParent: 1
  m_IsExploded: 1
